<?xml version="1.0" encoding="UTF-8"?><collection xmlns="http://www.loc.gov/MARC21/slim"><record><leader>00423nam--2200121-i-4500</leader><controlfield tag="001">000043195</controlfield><controlfield tag="002">20161230</controlfield><controlfield tag="005">20161230201043</controlfield><controlfield tag="008">060222s1000------------r-----000-0-eng-d</controlfield><datafield ind1=" " ind2=" " tag="100"><subfield code="a">Stribel, Th</subfield></datafield><datafield ind1=" " ind2=" " tag="245"><subfield code="a">Aufbau eines szintillations-gamma- und beta-spektrometers mit koinzidenzeinrichtung sowie beitrage zum zerfall des j128, te129. dy165. al25 und s37</subfield></datafield><datafield ind1=" " ind2=" " tag="260"><subfield code="a">Stuttgart, Technischen Hochschule, 1956, 44p</subfield></datafield><datafield ind1=" " ind2=" " tag="852"><subfield code="a">5774</subfield></datafield></record></collection>